<record><leader>00000cas a22000007a 4500</leader><controlfield tag="001">1759612</controlfield><controlfield tag="008">751101c19199999nduwr ne      0   a0eng d</controlfield><controlfield tag="009">501</controlfield><datafield ind1=" " ind2=" " tag="010"><subfield code="a">sn 87002472 </subfield></datafield><datafield ind1=" " ind2=" " tag="040"><subfield code="a">MUL</subfield><subfield code="b">eng</subfield><subfield code="c">MUL</subfield><subfield code="d">NSD</subfield><subfield code="d">NOP</subfield><subfield code="d">OCL</subfield><subfield code="d">NOP</subfield><subfield code="d">OCL</subfield><subfield code="d">OCLCQ</subfield></datafield><datafield ind1=" " ind2=" " tag="012"><subfield code="m">1</subfield></datafield><datafield ind1=" " ind2=" " tag="019"><subfield code="a">2253001</subfield></datafield><datafield ind1="1" ind2=" " tag="022"><subfield code="a">0895-5344</subfield><subfield code="l">0895-5344</subfield><subfield code="2">1</subfield></datafield><datafield ind1=" " ind2=" " tag="032"><subfield code="a">376860</subfield><subfield code="b">USPS</subfield></datafield><datafield ind1=" " ind2=" " tag="037"><subfield code="b">Nelson County Arena, Main St., Fordville, ND 58231-0157</subfield></datafield><datafield ind1=" " ind2=" " tag="042"><subfield code="a">nsdp</subfield></datafield><datafield ind1=" " ind2="0" tag="222"><subfield code="a">Nelson County arena</subfield><subfield code="b">(1919)</subfield></datafield><datafield ind1="0" ind2="0" tag="245"><subfield code="a">Nelson County arena.</subfield></datafield><datafield ind1=" " ind2=" " tag="260"><subfield code="a">Michigan, ND :</subfield><subfield code="b">Geo. C. Reeder</subfield></datafield><datafield ind1=" " ind2=" " tag="300"><subfield code="a">v. :</subfield><subfield code="b">ill. ;</subfield><subfield code="c">56 cm.</subfield></datafield><datafield ind1=" " ind2=" " tag="310"><subfield code="a">Weekly</subfield></datafield><datafield ind1="0" ind2=" " tag="362"><subfield code="a">15th year, no. 27 (Mar. 14, 1919)-</subfield></datafield><datafield ind1=" " ind2=" " tag="500"><subfield code="a">Imprint varies.</subfield></datafield><datafield ind1=" " ind2=" " tag="525"><subfield code="a">Includes supplement with title: The Observer.</subfield></datafield><datafield ind1=" " ind2=" " tag="530"><subfield code="a">Available on microfilm from the State Historical Society of North Dakota.</subfield></datafield><datafield ind1="0" ind2=" " tag="730"><subfield code="a">Observer (Fordville, N.D.)</subfield></datafield><datafield ind1=" " ind2=" " tag="752"><subfield code="a">United States</subfield><subfield code="b">North Dakota</subfield><subfield code="c">Nelson</subfield><subfield code="d">Michigan.</subfield></datafield><datafield ind1="0" ind2="0" tag="780"><subfield code="a">Michigan arena</subfield><subfield code="w">(DLC)sn 88076749</subfield></datafield></record>